<?xml version="1.0" encoding="UTF-8"?><record xmlns="http://www.loc.gov/MARC21/slim" xmlns:cinclude="http://apache.org/cocoon/include/1.0" xmlns:zs="http://www.loc.gov/zing/srw/">
  <leader>01404cz  a2200313n  4500</leader>
  <controlfield tag="001">no 00014832 </controlfield>
  <controlfield tag="003">DLC</controlfield>
  <controlfield tag="005">20130312093658.0</controlfield>
  <controlfield tag="008">000302n| azannaabn          |a aaa     c</controlfield>
  <datafield tag="010" ind1=" " ind2=" ">
    <subfield code="a">no 00014832 </subfield>
    <subfield code="z">no2002085515</subfield>
  </datafield>
  <datafield tag="035" ind1=" " ind2=" ">
    <subfield code="a">(OCoLC)oca05165308</subfield>
  </datafield>
  <datafield tag="040" ind1=" " ind2=" ">
    <subfield code="a">TxHU</subfield>
    <subfield code="b">eng</subfield>
    <subfield code="e">rda</subfield>
    <subfield code="c">TxHU</subfield>
    <subfield code="d">DLC</subfield>
  </datafield>
  <datafield tag="046" ind1=" " ind2=" ">
    <subfield code="f">18780301</subfield>
    <subfield code="g">19660214</subfield>
  </datafield>
  <datafield tag="100" ind1="1" ind2=" ">
    <subfield code="a">Spiess, Otto,</subfield>
    <subfield code="d">1878-1966</subfield>
  </datafield>
  <datafield tag="370" ind1=" " ind2=" ">
    <subfield code="a">Basel, Switzerland</subfield>
    <subfield code="b">Riehen, Switzerland</subfield>
  </datafield>
  <datafield tag="372" ind1=" " ind2=" ">
    <subfield code="a">Mathematics--History</subfield>
    <subfield code="a">Bernoulli family</subfield>
    <subfield code="2">lcsh</subfield>
  </datafield>
  <datafield tag="372" ind1=" " ind2=" ">
    <subfield code="a">Euler, Leonhard, 1707-1783</subfield>
    <subfield code="2">naf</subfield>
  </datafield>
  <datafield tag="373" ind1=" " ind2=" ">
    <subfield code="a">UniversitaĚt Basel</subfield>
    <subfield code="2">naf</subfield>
    <subfield code="v">German Wikipedia, viewed Mar. 11, 2013</subfield>
  </datafield>
  <datafield tag="374" ind1=" " ind2=" ">
    <subfield code="a">Mathematics historian</subfield>
    <subfield code="a">College teacher</subfield>
  </datafield>
  <datafield tag="375" ind1=" " ind2=" ">
    <subfield code="a">male</subfield>
  </datafield>
  <datafield tag="377" ind1=" " ind2=" ">
    <subfield code="a">ger</subfield>
  </datafield>
  <datafield tag="378" ind1=" " ind2=" ">
    <subfield code="q">Ludwig Otto</subfield>
  </datafield>
  <datafield tag="400" ind1="1" ind2=" ">
    <subfield code="a">Spiess, O.</subfield>
    <subfield code="q">(Otto),</subfield>
    <subfield code="d">1878-1966</subfield>
  </datafield>
  <datafield tag="400" ind1="1" ind2=" ">
    <subfield code="a">Spiess, Ludwig Otto,</subfield>
    <subfield code="d">1878-1966</subfield>
  </datafield>
  <datafield tag="670" ind1=" " ind2=" ">
    <subfield code="a">Leonhard Euler, c1929:</subfield>
    <subfield code="b">t.p. (Otto Spiess)</subfield>
  </datafield>
  <datafield tag="670" ind1=" " ind2=" ">
    <subfield code="a">OCLC database, Nov. 18, 1999</subfield>
    <subfield code="b">(hdg.: Spiess, Otto, 1878-)</subfield>
  </datafield>
  <datafield tag="670" ind1=" " ind2=" ">
    <subfield code="a">Eine akademische Festrede von Daniel Bernoulli, 1941:</subfield>
    <subfield code="b">t.p. (O. Spiess)</subfield>
  </datafield>
  <datafield tag="670" ind1=" " ind2=" ">
    <subfield code="a">LCCN 4-26357: Die Grundbegriffe der Iterations-Rechnung, 1902:</subfield>
    <subfield code="b">(hdg.: Spiess, Otto, Mar. 1, 1878- ; full name: Ludwig Otto Spiess)</subfield>
  </datafield>
  <datafield tag="670" ind1=" " ind2=" ">
    <subfield code="a">German Wikipedia, viewed Mar. 11, 2013</subfield>
    <subfield code="b">(under Otto Spiess: Ludwig Otto Spiess; b. Mar. 1, 1878, Basel; d. Feb. 14, 1966, Riehen; Swiss historian of mathematics, known for his studies of the Bernoulli family)</subfield>
  </datafield>
</record>